%% This BibTeX bibliography file was created using BibDesk.
%% http://bibdesk.sourceforge.net/


%% Created for Lauro Cesar Araujo at 2013-08-21 10:57:09 -0300 


%% Saved with string encoding Unicode (UTF-8) 



@book{vieira,
	Author = {Jos{\'{e}} Newton Vieira},
	Title = {Introdu{\c{c}}{\~{a}}o aos fundamentos da computa{\c{c}}{\~{a}}o : linguagens e m{\'{a}}quinas},
	Publisher = {Pioneira Thomson Learning},
	Year = {2006}
	}
	
@book{hopcroft,
	Author = {John E Hopcroft and Rajeev Motwani and Jeffrey D Ullman},
	Title = {Introdu{\c{c}}{\~{a}}o {\`{a}} teoria dos aut{\^{o}}matos, linguagens e computa{\c{c}}{\~{a}}o},
	Publisher = {Elsevier},
	Year = {2002}
	}

@book{sipser,
	Author = {Michael Sipser},
	Title = {Introduction to the theory of computation},
	Publisher = {Thomson Course Technology},
	Year = {2006}
	}